<record><leader>00000cas a22000007a 4500</leader><controlfield tag="001">8209011</controlfield><controlfield tag="008">820303d197u1982mauwr ne      0   a0eng d</controlfield><datafield ind1=" " ind2=" " tag="010"><subfield code="a">sn 82001398 </subfield></datafield><datafield ind1=" " ind2=" " tag="040"><subfield code="a">NSD</subfield><subfield code="b">eng</subfield><subfield code="c">NSD</subfield><subfield code="d">MGN</subfield><subfield code="d">OCLCQ</subfield></datafield><datafield ind1=" " ind2=" " tag="012"><subfield code="m">d</subfield></datafield><datafield ind1="1" ind2=" " tag="022"><subfield code="a">0744-3536</subfield><subfield code="l">0744-3536</subfield><subfield code="2">1</subfield></datafield><datafield ind1=" " ind2=" " tag="037"><subfield code="b">MPG Communications, 70 South St., Hingham, MA 02043</subfield></datafield><datafield ind1=" " ind2=" " tag="042"><subfield code="a">nsdp</subfield></datafield><datafield ind1=" " ind2="0" tag="222"><subfield code="a">Hingham mirror</subfield></datafield><datafield ind1="0" ind2="0" tag="245"><subfield code="a">Hingham mirror.</subfield></datafield><datafield ind1=" " ind2=" " tag="260"><subfield code="a">[Hingham, MA] :</subfield><subfield code="b">MPG Communications</subfield></datafield><datafield ind1=" " ind2=" " tag="300"><subfield code="a">v.</subfield></datafield><datafield ind1=" " ind2=" " tag="310"><subfield code="a">Weekly</subfield></datafield><datafield ind1="1" ind2=" " tag="362"><subfield code="a">Ceased Dec. 29, 1982.</subfield></datafield><datafield ind1=" " ind2=" " tag="588"><subfield code="a">Description based on: Vol. 34, no. 51 (Jan. 6, 1982).</subfield></datafield><datafield ind1="0" ind2=" " tag="775"><subfield code="t">South Shore mirror (Scituate, Mass. : Scituate Cohasset ed.)</subfield><subfield code="w">(DLC)sn 91057013</subfield></datafield><datafield ind1="0" ind2=" " tag="775"><subfield code="t">South Shore mirror (Scituate, Mass. : Braintree Weymouth ed.)</subfield></datafield><datafield ind1="0" ind2=" " tag="775"><subfield code="t">Cohasset mirror</subfield><subfield code="w">(DLC)sn 82001399</subfield></datafield><datafield ind1="0" ind2=" " tag="775"><subfield code="t">Scituate mirror (Scituate, Mass. : 1979)</subfield><subfield code="w">(DLC)sn 91057014</subfield></datafield><datafield ind1=" " ind2=" " tag="936"><subfield code="a">Feb. 3, 1982</subfield></datafield></record>